<record><leader>00000cas a22000007a 4500</leader><controlfield tag="001">13489280</controlfield><controlfield tag="008">860424d19091956mtuwr ne      0    0eng d</controlfield><datafield ind1=" " ind2=" " tag="010"><subfield code="a">sn 86075147 </subfield></datafield><datafield ind1=" " ind2=" " tag="040"><subfield code="a">MTL</subfield><subfield code="b">eng</subfield><subfield code="c">MTL</subfield><subfield code="d">DLC</subfield><subfield code="d">OCLCQ</subfield></datafield><datafield ind1=" " ind2=" " tag="042"><subfield code="a">msc</subfield></datafield><datafield ind1="0" ind2="4" tag="245"><subfield code="a">The Fromberg herald.</subfield></datafield><datafield ind1=" " ind2=" " tag="260"><subfield code="a">Fromberg, Mont. :</subfield><subfield code="b">G. Flashman,</subfield><subfield code="c">-1956.</subfield></datafield><datafield ind1=" " ind2=" " tag="300"><subfield code="a">49 v. :</subfield><subfield code="b">ill.</subfield></datafield><datafield ind1=" " ind2=" " tag="310"><subfield code="a">Weekly</subfield></datafield><datafield ind1="0" ind2=" " tag="362"><subfield code="a">-v. 49, no. 9 (May 10, 1956).</subfield></datafield><datafield ind1="1" ind2=" " tag="362"><subfield code="a">Began in 1909</subfield><subfield code="z">Cf. Newspaper directory of Montana, 1920.</subfield></datafield><datafield ind1=" " ind2=" " tag="580"><subfield code="a">Merged with: Twin Valley news [non-extant], to form: News-herald (Fromberg, Mont.).</subfield></datafield><datafield ind1=" " ind2=" " tag="588"><subfield code="a">Description based on: Vol. 2, no. 14 (Jan. 5, 1910).</subfield></datafield><datafield ind1=" " ind2=" " tag="752"><subfield code="a">United States</subfield><subfield code="b">Montana</subfield><subfield code="c">Carbon</subfield><subfield code="d">Fromberg.</subfield></datafield><datafield ind1="1" ind2="7" tag="785"><subfield code="t">Twin Valley news non-extant</subfield></datafield><datafield ind1="1" ind2="7" tag="785"><subfield code="t">News-herald (Fromberg, Mont.)</subfield><subfield code="w">(DLC)sn 86075146</subfield></datafield><datafield ind1="1" ind2=" " tag="029"><subfield code="a">AU@</subfield><subfield code="b">000023526936</subfield></datafield></record>